@inproceedings{Bacchelli2013a,
author = {Bacchelli, Alberto and Bird, Christian},
booktitle = {Proc. of ICSE '13},

pages = {712--721},
title = {{Expectations, Outcomes, and Challenges of Modern Code Review}},
year = {2013}
}
@article{Barua2012a,
author = {Barua, Anton and Thomas, Stephen W. and Hassan, Ahmed E.},

journal = {Jornal of EMSE'12},
number = {3},
pages = {619--654},
title = {{What are developers talking about? An analysis of topics and trends in Stack Overflow}},
volume = {19},
year = {2012}
}
@inproceedings{Baysal2001,
author = {Baysal, Olga and Kononenko, Oleksii and Holmes, Reid and Godfrey, Michael W},
booktitle = {Proc. of WCRE'13},
file = {:Users/pamon/Library/Application Support/Mendeley Desktop/Downloaded/Baysal et al. - 2001 - The Influence of Non-Technical Factors on Code Review(2).pdf:pdf},
pages = {122--131},
title = {{The Influence of Non-Technical Factors on Code Review}},
year = {2013}
}
@inproceedings{Beller,
author = {Beller, Moritz and Bacchelli, Alberto and Zaidman, Andy and Juergens, Elmar},
booktitle = {Proc. of MSR'14},
file = {:Users/pamon/Library/Application Support/Mendeley Desktop/Downloaded/Beller et al. - 2014 - Modern Code Reviews in Open-Source Projects Which Problems Do They Fix Categories and Subject Descriptors.pdf:pdf},
isbn = {9781450328630},
pages = {202--211},
title = {{Modern Code Reviews in Open-Source Projects : Which Problems Do They Fix ? Categories and Subject Descriptors}},
year = {2014}
}

@inproceedings{Gottipati2011,
author = {Gottipati, Swapna and Lo, David and Jiang, Jing},
booktitle = {Proc. of ASE'11},
file = {:Users/pamon/Library/Application Support/Mendeley Desktop/Downloaded/Gottipati, Lo - 2011 - Finding relevant answers in software forums.pdf:pdf},
isbn = {978-1-4577-1639-3},
pages = {323--332},
title = {{Finding relevant answers in software forums}},
year = {2011}
}
@inproceedings{Hamasaki2013,
author = {Hamasaki, Kazuki and Kula, Raula Gaikovina and Yoshida, Norihiro and Erika, Camargo Cruz Ana and Fujiwara, Kenji and Iida, Hajimu},
booktitle = {Proc. of MSR' 13},
file = {:Users/pamon/Library/Application Support/Mendeley Desktop/Downloaded/Hamasaki et al. - 2013 - Who does what during a Code Review An extraction of an OSS Peer Review Repository.pdf:pdf},
pages = {49--52},
title = {{Who does what during a Code Review ? An extraction of an OSS Peer Review Repository}},
year = {2013}
}
@inproceedings{Mcintosh,
author = {Mcintosh, Shane and Kamei, Yasutaka and Adams, Bram and Hassan, Ahmed E},
booktitle = {Proc. of MSR'14},
file = {:Users/pamon/Library/Application Support/Mendeley Desktop/Downloaded/Mcintosh et al. - 2014 - The Impact of Code Review Coverage and Code Review Participation on Software Quality Categories and Subject Des.pdf:pdf},
isbn = {9781450328630},
pages = {192--201},
title = {{The Impact of Code Review Coverage and Code Review Participation on Software Quality Categories and Subject Descriptors}},
year = {2014}
}
@inproceedings{Prasetyo2012,
author = {Prasetyo, Philips K. and Lo, David and Achananuparp, Palakorn and Tian, Yuan and Lim, Ee-Peng},
booktitle = {Proc. of ICSM'12},
file = {:Users/pamon/Downloads/06405330.pdf:pdf},
isbn = {9781467323123},
pages = {596--599},
title = {{Automatic classification of software related microblogs}},
year = {2012}
}
@inproceedings{Thongtanunam2014,
author = {Thongtanunam, Patanamon and Kula, Raula Gaikovina and Cruz, Ana Erika Camargo and Yoshida, Norihiro and Iida, Hajimu},
booktitle = {Proc. of CHASE'14},
file = {:Users/pamon/Library/Application Support/Mendeley Desktop/Downloaded/Thongtanunam et al. - 2014 - Improving Code Review Effectiveness through Reviewer Recommendations(2).pdf:pdf},
isbn = {9781450328609},
pages = {119--122},
title = {{Improving Code Review Effectiveness through Reviewer Recommendations}},
year = {2014}
}
@book{Hogg2005,
author = {Hogg, Robert V. and Tanis, Elliot A.},
title = {{Probability and Statistical Inference 7th Edition}},
year = {2005}
}

